%%% MCMC methods

@article{HMC,
  added-at = {2009-04-13T13:17:23.000+0200},
  author = {Duane, Simon and Kennedy, A. D. and Pendleton, Brian J. and Roweth, Duncan},
  biburl = {https://www.bibsonomy.org/bibtex/254b1c26b36f9c8a833153a78748a049f/gber},
  description = {ScienceDirect - Physics Letters B : Hybrid Monte Carlo},
  doi = {DOI: 10.1016/0370-2693(87)91197-X},
  interhash = {65f0469e34e74def745a331703f25333},
  intrahash = {54b1c26b36f9c8a833153a78748a049f},
  issn = {0370-2693},
  journal = {Physics Letters B},
  keywords = {Fermions HMC Lattice},
  number = 2,
  pages = {216 - 222},
  timestamp = {2009-04-13T13:17:23.000+0200},
  title = {Hybrid Monte Carlo},
  url = {http://www.sciencedirect.com/science/article/B6TVN-46YSWPH-2XF/2/0f89cdc6cf214a2169b03df7414f3df4},
  volume = 195,
  year = 1987
}

@inproceedings{SGLD,
  added-at = {2011-12-16T00:00:00.000+0100},
  author = {Welling, Max and Teh, Yee Whye},
  biburl = {https://www.bibsonomy.org/bibtex/2f5ff37ac41677e6453ed602dae088478/dblp},
  booktitle = {ICML},
  crossref = {conf/icml/2011},
  editor = {Getoor, Lise and Scheffer, Tobias},
  interhash = {5c8207b828c210fb5283c258720164ee},
  intrahash = {f5ff37ac41677e6453ed602dae088478},
  keywords = {dblp},
  pages = {681-688},
  publisher = {Omnipress},
  timestamp = {2011-12-17T11:33:26.000+0100},
  title = {Bayesian Learning via Stochastic Gradient Langevin Dynamics.},
  url = {http://dblp.uni-trier.de/db/conf/icml/icml2011.html#WellingT11},
  year = 2011
}

@article{NUTS,
 author = {Homan, Matthew D. and Gelman, Andrew},
 title = {The No-U-turn Sampler: Adaptively Setting Path Lengths in Hamiltonian Monte Carlo},
 journal = {J. Mach. Learn. Res.},
 issue_date = {January 2014},
 volume = {15},
 number = {1},
 month = jan,
 year = {2014},
 issn = {1532-4435},
 pages = {1593--1623},
 numpages = {31},
 url = {http://dl.acm.org/citation.cfm?id=2627435.2638586},
 acmid = {2638586},
 publisher = {JMLR.org},
 keywords = {Bayesian inference, Hamiltonian Monte Carlo, Markov chain Monte Carlo, adaptive Monte Carlo, dual averaging},
}

@article{Nesterov2009,
 author = {Nesterov, Yurii},
 title = {Primal-dual Subgradient Methods for Convex Problems},
 journal = {Math. Program.},
 issue_date = {April 2009},
 volume = {120},
 number = {1},
 month = apr,
 year = {2009},
 issn = {0025-5610},
 pages = {221--259},
 numpages = {39},
 url = {http://dx.doi.org/10.1007/s10107-007-0149-x},
 doi = {10.1007/s10107-007-0149-x},
 acmid = {1530741},
 publisher = {Springer-Verlag New York, Inc.},
 address = {Secaucus, NJ, USA},
 keywords = {68Q25, 90C47},
}

@inproceedings{SGHMC,
 author = {Chen, Tianqi D. and Fox, Emily B.and Guestrin, Carlos},
 title = {Stochastic Gradient Hamiltonian Monte Carlo},
 year = {2014},
 booktitle = {International Conference on Machine Learning},
}

@inproceedings{SGMCMC,
 author = {Ma, Yi-An and Chen, Tianqi and Fox, Emily B.},
 title = {A Complete Recipe for Stochastic Gradient MCMC},
 booktitle = {Proceedings of the 28th International Conference on Neural Information Processing Systems},
 series = {NIPS'15},
 year = {2015},
 location = {Montreal, Canada},
 pages = {2917--2925},
 numpages = {9},
 url = {http://dl.acm.org/citation.cfm?id=2969442.2969566},
 acmid = {2969566},
 publisher = {MIT Press},
 address = {Cambridge, MA, USA},
} 



%%%PPL


% Languages

@inproceedings{Edward,
  author = {Dustin Tran and Matthew D. Hoffman and Rif A. Saurous and Eugene Brevdo and Kevin Murphy and David M. Blei},
  title = {Deep probabilistic programming},
  booktitle = {International Conference on Learning Representations},
  year = {2017}
}

@ARTICLE{Turing,
    author = {Ge, Hong and {\'S}cibior, Adam and Xu, Kai and Ghahramani, Zoubin},
    title = "{Turing: A fast imperative probabilistic programming language.}",
    year = 2016,
    month = jun
}

@Article{Bugs,
author="Lunn, David J.
and Thomas, Andrew
and Best, Nicky
and Spiegelhalter, David",
title="WinBUGS - A Bayesian modelling framework: Concepts, structure, and extensibility",
journal="Statistics and Computing",
year="2000",
month="Oct",
day="01",
volume="10",
number="4",
pages="325--337",
issn="1573-1375",
doi="10.1023/A:1008929526011",
url="https://doi.org/10.1023/A:1008929526011"
}

@MISC{Stan,
    author = {Bob Carpenter and Daniel Lee and Marcus A. Brubaker and Allen Riddell and Andrew Gelman and Ben Goodrich and Jiqiang Guo and Matt Hoffman and Michael Betancourt and Peter Li},
    title = {Stan: A Probabilistic Programming Language},
    year = {}
}

@misc{InferNET, 
author = "Minka, T. and Winn, J.M. and Guiver, J.P. and Webster, S. and Zaykov, Y. and Yangel, B. and Spengler, A. and  Bronskill, J.",
title = {{Infer.NET 2.6}},
year = 2014,
note = {Microsoft Research Cambridge. http://research.microsoft.com/infernet}
}

@inproceedings{Factorie,
  Author = {Andrew McCallum and Karl Schultz and Sameer Singh}, 
  Booktitle = {Neural Information Processing Systems (NIPS)}, 
  Title = { {FACTORIE}: Probabilistic Programming via Imperatively Defined Factor Graphs}, 
  Year = {2009}}


%%%BNP

@ARTICLE{DPVI,
    author = {David M. Blei and Michael I. Jordan},
    title = {Variational inference for Dirichlet process mixtures},
    journal = {Bayesian Analysis},
    year = {2005},
    volume = {1},
    pages = {121--144}
}

%%%MISC

@inproceedings{Tensorflow,
title = {TensorFlow: A system for large-scale machine learning},
author  = {Martin Abadi and Paul Barham and Jianmin Chen and Zhifeng Chen and Andy Davis and Jeffrey Dean and Matthieu Devin and Sanjay Ghemawat and Geoffrey Irving and Michael Isard and Manjunath Kudlur and Josh Levenberg and Rajat Monga and Sherry Moore and Derek G. Murray and Benoit Steiner and Paul Tucker and Vijay Vasudevan and Pete Warden and Martin Wicke and Yuan Yu and Xiaoqiang Zheng},
year  = 2016,
URL = {https://www.usenix.org/system/files/conference/osdi16/osdi16-abadi.pdf},
booktitle = {12th USENIX Symposium on Operating Systems Design and Implementation (OSDI 16)},
pages = {265--283}
}

